@article{riley2018categories,
  title={Categories of optics},
  author={Riley, Mitchell},
  journal={arXiv preprint arXiv:1809.00738},
  year={2018}
}

@misc{roman2020profunctor,
      title={Profunctor optics and traversals}, 
      author={Mario Román},
      year={2020},
      eprint={2001.08045},
      archivePrefix={arXiv},
      primaryClass={cs.PL}
}

@misc{HaskellLanguageTutorial,
 url={https://riptutorial.com/haskell/topic/891/lens},
 journal={Haskell Language Tutorial => Lens}
} 

@misc{Gundry_Loh_Rybczak_Grenrus,
 title={Optics},
 url={https://hackage.haskell.org/package/optics},
 journal={Hackage},
 author={Gundry, Adam and Löh, Andres and Rybczak, Andrzej and Grenrus, Oleg}
} 

 

